@proceedings{netgear-x10,
    year = {[Online]},
    title     = {{Netgear Nighthawk\textregistered\ X10}},
    url      = {https://www.netgear.com/landings/ad7200}
}

@proceedings{rog-phone,
  year = {[Online]},
  title = {ASUS Republic of Gamers (ROG) Phone},
  url = {https://www.asus.com/us/Phone/ROG-Phone/}
}

@proceedings{rog-phone-2,
  year = {[Online]},
  title = {ASUS Republic of Gamers (ROG) Phone II},
  url = {https://www.asus.com/us/Phone/ROG-Phone-II/}
}

@proceedings{cardboard,
    year = {[Online]},
    Title     = {{Google Cardboard}},
    Url     = {https://arvr.google.com/cardboard/}
}

@proceedings{nuttcp,
    year = {[Online]},
    Title     = {{nuttcp - Network Performance Measurement Tool}},
    Url     = {https://www.nuttcp.net}
}

@proceedings{android-sensor,
    year = {[Online]},
    Title     = {{Android Sensors Overview}},
    Url     = {https://developer.android.com/guide/topics/sensors/sensors_overview}
}

@inproceedings{baig:mobicom2019,
author = {Baig, Ghufran and He, Jian and Qureshi, Mubashir Adnan and Qiu, Lili and Chen, Guohai and Chen, Peng and Hu, Yinliang},
title = {Jigsaw: Robust Live 4K Video Streaming},
year = {2019},
booktitle = {{Proc. of ACM MobiCom}}
}

@inproceedings{meng:asplos2020,
author = {Meng, Jiayi and Paul, Sibendu and Hu, Y. Charlie},
title = {Coterie: Exploiting Frame Similarity to Enable High-Quality Multiplayer VR on Commodity Mobile Devices},
year = {2020},
booktitle = {{Proc. of ACM ASPLOS}}
}

@inproceedings{stockhammer:mmsys2011,
author = {Stockhammer, Thomas},
title = {Dynamic Adaptive Streaming over HTTP --: Standards and Design Principles},
year = {2011},
booktitle = {{Proc. of ACM MMSys}}
}

@ARTICLE{bentaleb:cst2019,
author={A. {Bentaleb} and B. {Taani} and A. C. {Begen} and C. {Timmerer} and R. {Zimmermann}},
journal={IEEE Communications Surveys \& Tutorials},
title={A Survey on Bitrate Adaptation Schemes for Streaming Media Over HTTP},
year={2019},
}

@inproceedings{sun:sigcomm2016,
  title={CS2P: Improving video bitrate selection and adaptation with data-driven throughput prediction},
  author={Sun, Yi and Yin, Xiaoqi and Jiang, Junchen and Sekar, Vyas and Lin, Fuyuan and Wang, Nanshu and Liu, Tao and Sinopoli, Bruno},
  booktitle={Proc. of ACM SIGCOMM},
  year={2016}
}

@inproceedings{mirza:sigmetrics2007,
author = {Mirza, Mariyam and Sommers, Joel and Barford, Paul and Zhu, Xiaojin},
title = {A Machine Learning Approach to TCP Throughput Prediction},
year = {2007},
booktitle = {Proc. of ACM SIGMETRICS}
}

@INPROCEEDINGS{bui:ewc2014,
  author={N. {Bui} and F. {Michelinakis} and J. {Widmer}},
  booktitle={Proc. of IEEE EWC}, 
  title={A Model for Throughput Prediction for Mobile Users}, 
  year={2014}
}

@inproceedings {liu:atc2020,
	author = {Xing Liu and Christina Vlachou and Feng Qian and Chendong Wang and Kyu-Han Kim},
	title = {Firefly: Untethered Multi-user {VR} for Commodity Mobile Devices},
	booktitle = {Proc. of {USENIX} {ATC}},
	year = {2020}
}

@INPROCEEDINGS{liu:globecom2015,
  author={Y. {Liu} and J. Y. B. {Lee}},
  booktitle={Proc. of IEEE GLOBECOM}, 
  title={An Empirical Study of Throughput Prediction in Mobile Data Networks}, 
  year={2015}
 }

@inproceedings{wei:mobicom2017,
author = {Wei, Teng and Zhang, Xinyu},
title = {Pose Information Assisted 60 GHz Networks: Towards Seamless Coverage and Mobility Support},
year = {2017},
booktitle = {Proc. of ACM MobiCom}
}

@INPROCEEDINGS{zhou:infocom2018,
author={A. {Zhou} and L. {Wu} and S. {Xu} and H. {Ma} and T. {Wei} and X. {Zhang}},
booktitle={Proc. of IEEE INFOCOM},
title={Following the Shadow: Agile 3-D Beam-Steering for 60 GHz Wireless Networks},
year={2018}
}

@techreport{pantos-hls,
	number =	{draft-pantos-hls-rfc8216bis-07},
	type =		{Internet-Draft},
	institution =	{Internet Engineering Task Force},
	publisher =	{Internet Engineering Task Force},
	url =		{https://datatracker.ietf.org/doc/html/draft-pantos-hls-rfc8216bis-07},
        author =	{Roger Pantos},
	title =		{{Apple HTTP Live Streaming 2nd Edition}},
	year =		{2020}
}

@proceedings{adobe-hds,
    year = {[Online]},
    Title     = {{Adobe HTTP Dynamic Streaming}},
    Url     = {https://www.adobe.com/products/hds-dynamic-streaming.html}
}

@proceedings{microsoft-ss,
    year = {[Online]},
    Title     = {{Microsoft Smooth Streaming}},
    Url     = {https://www.microsoft.com/silverlight/smoothstreaming/}
}

@Article{80211ad,
  author    = {{{IEEE} 802.11 Working Group}},
  title     = {{IEEE 802.11ad, Amendment 3: Enhancements for Very High
          Throughput in the 60 GHz Band}},
  year      = {2012}
}

@INPROCEEDINGS{khan:infocom2016,
  author={M. O. {Khan} and L. {Qiu}},
  booktitle={Proc. of IEEE INFOCOM}, 
  title={Accurate WiFi packet delivery rate estimation and applications}, 
  year={2016}
}

@INPROCEEDINGS{song:secon2017,
  author={L. {Song} and A. {Striegel}},
  booktitle={Proc. of IEEE SECON}, 
  title={Leveraging Frame Aggregation for Estimating WiFi Available Bandwidth}, 
  year={2017}}
  
@proceedings{cinetics-lynx,
    year = {[Online]},
    Title     = {{Cinetics Lynx 3 Axis Slider}},
    Url     = {https://cinetics.com/lynx-3-axis-slider/}
}
  
@proceedings{dragonframe,
    year = {[Online]},
    title = {{Dragonframe Stop Motion Software}},
    url = {https://www.dragonframe.com}
}

@INPROCEEDINGS{kajita:wmnc2015,
  author={S. {Kajita} and H. {Yamaguchi} and T. {Higashino} and H. {Urayama} and M. {Yamada} and M. {Takai}},
  booktitle={Proc. of IFIP WMNC}, 
  title={Throughput and Delay Estimator for 2.4GHz WiFi APs: A Machine Learning-Based Approach}, 
  year={2015}
  }

@proceedings{pew-research,
    year = {[Online]},
    title = {{Pew Research}},
    url = {https://www.pewresearch.org/fact-tank/2019/04/10/share-of-u-s-adults-using-social-media-including-facebook-is-mostly-unchanged-since-2018/}
}

@proceedings{statista,
    year = {[Online]},
    title = {{Statista}},
    url = {https://www.statista.com/statistics/859829/logged-in-youtube-viewers-worldwide/}
}

@inproceedings {yan:nsdi2020,
author = {Francis Y. Yan and Hudson Ayers and Chenzhi Zhu and Sadjad Fouladi and James Hong and Keyi Zhang and Philip Levis and Keith Winstein},
title = {Learning in situ: a randomized experiment in video streaming },
booktitle = {Proc. of USENIX NSDI},
year = {2020}
}

@inproceedings{mao:sigcomm2017,
author = {Mao, Hongzi and Netravali, Ravi and Alizadeh, Mohammad},
title = {Neural Adaptive Video Streaming with Pensieve},
year = {2017},
booktitle = {Proc. of ACM SIGCOMM}
}

@INPROCEEDINGS{spiteri:infocom2016,
  author={K. {Spiteri} and R. {Urgaonkar} and R. K. {Sitaraman}},
  booktitle={Proc. of IEEE INFOCOM}, 
  title={BOLA: Near-optimal bitrate adaptation for online videos}, 
  year={2016}
}

@inproceedings{xu:conext2017,
author = {Xu, Tan and Han, Bo and Qian, Feng},
title = {Analyzing Viewport Prediction under Different VR Interactions},
year = {2019},
booktitle = {Proc. of ACM CoNEXT}
}


@inproceedings{saha:secon2018,
author={S. K. {Saha} and H. {Assasa} and A. {Loch} and N. M. {Prakash} and R. {Shyamsunder} and S. {Aggarwal} and D. {Steinmetzer} and D. {Koutsonikolas} and J. {Widmer} and M. {Hollick}},
booktitle={{Proc. of IEEE SECON}},
title={Fast and Infuriating: Performance and Pitfalls of 60 GHz WLANs Based on Consumer-Grade Hardware},
year={2018}
}

@inproceedings{saha:mobicom2019,
	Author = {Swetank Kumar Saha and Shivang Aggarwal and Rohan Pathak and Dimitrios Koutsonikolas and Joerg Widmer},
	Booktitle = {{Proc. of ACM MobiCom}},
	Title = {{MuSher: An Agile Multipath-TCP Scheduler for Dual-Band 802.11ad/ac Wireless LANs}},
	Year = {2019}
}

@inproceedings{sur:mobicom2017,
	Author = {Sanjib Sur and Ioannis Pefkianakis and Xinyu Zhang and Kyu-Han Kim},
	Booktitle = {{Proc. of ACM MobiCom}},
	Title = {{WiFi-Assisted 60 GHz Wireless Networks}},
	Year = {2017}}